%%% References

@inproceedings{Montero2024,
  title     = {Learning Multi-Reference Frame Skills from Demonstration with Task-Parameterized Gaussian Processes},
  url       = {http://dx.doi.org/10.1109/IROS58592.2024.10803060},
  doi       = {10.1109/iros58592.2024.10803060},
  booktitle = {2024 IEEE/RSJ International Conference on Intelligent Robots and Systems (IROS)},
  publisher = {IEEE},
  author    = {Montero,  Mariano Ramírez and Franzese,  Giovanni and Kober,  Jens and Santina,  Cosimo Della},
  year      = {2024},
  month     = oct,
  pages     = {2832–2839}
}
